@misc{remsigSilvia,
    author    = {{VIGAŠOVÁ, Silvia}}, 
    title     = "Client tools for RemSig",
    note       = {[online] Dostupné z: <\url{http://is.muni.cz/th/409781/fi\_b/vigasova\_bp.pdf}>}
}


@misc{remsigMuni,
	title     = "Úložiště RemSig MU",
	note       = {Dostupné z: <\url{http://www.ics.muni.cz/cs/katalog-sluzeb/podpora-spravy-ict/vydavani-certifikatu/uloziste-RemSig-mu}>}
}

@misc{javaVsPHP,
	author    = {{LANGE, Fabian}},
	title     = "Comparison of Java and PHP for Web Applications",
	note       = {[online] Dostupné z: <\url{https://blog.codecentric.de/en/2008/07/comparison-of-java-and-php-for-web-applications/}>}
}

@misc{certificateAuth,
	author    = {{ROUSE, Margaret}},
	title     = "certificate authority (CA)",
	note       = {[online] Dostupné z: <\url{http://searchsecurity.techtarget.com/definition/certificate-authority}>}
}
@misc{junit,
	title     = "Frequently asked questions",
	note       = {[online] Dostupné z: <\url{http://junit.org/junit4/faq.html\#overview_1}>}
}

@misc{dbunit,
	title     = "About",
	note       = {[online] Dostupné z: <\url{http://dbunit.sourceforge.net/index.html}>}
}
@misc{gitHubAnalysis,
	author    =  {{WEISS, Tall}},
	title     = "We Analyzed 30,000 GitHub Projects – Here Are The Top 100 Libraries in Java, JS and Ruby",
	note       = {[online] Dostupné z: <\url{http://blog.takipi.com/we-analyzed-30000-github-projects-here-are-the-top-100-libraries-in-java-js-and-ruby/}>}
}

@misc{softwareTesting,
	title     = "Software testing",
	note       = {[online] Dostupné z: <\url{https://en.wikipedia.org/wiki/Software\_testing}>}
}
@misc{x509cert,
	author    = {{ROUSE, Margaret}},
	title     = "X.509 certificate",
	note       = {[online] Dostupné z: <\url{http://searchsecurity.techtarget.com/definition/X509-certificate}>}
}
@misc{crypt768,
	author    = "KLEINJING, T., et al. (2010-02-18)",
	title     = "actorization of a 768-bit RSA modulus",
	note       = {[PDF] International Association for Cryptologic Research. Dostupné z: <\url{https://eprint.iacr.org/2010/006.pdf}>}
}
@misc{ssl,
	author    =  {{RESCORLA, Eric}},
	title     = "SSL and TLS: designing and building secure systems",
	note       = {Boston: Addison-Wesley, c2001. ISBN 0201615983. s. 44-100, 140-173}
}
@misc{sslOnline,
	author    = {{ROUSE, Margaret}},
	title     = "Secure Sockets Layer (SSL)",
	note       = {[online] Dostupné z: <\url{http://searchsecurity.techtarget.com/definition/Secure-Sockets-Layer-SSL}>}
}
@misc{codeMaintability,
	author    = {{FEATHERS, Michael C}},
	title     = "Údržba kódu převzatých programů",
	note       = {Brno: Computer Press, 2009. ISBN 978-80-251-2127-6. s. 24}
}

@misc{testSeparation,
	title     = "What are Unit Testing, Integration Testing and Functional Testing?",
	note       = {[online] Dostupné z: <\url{http://codeutopia.net/blog/2015/04/11/what-are-unit-testing-integration-testing-and-functional-testing/}>}
}
@misc{servlet,
	title     = "Servlet Definition",
	note       = {[online] Dostupné z: <\url{http://techterms.com/definition/servlet}>}
}
@misc{staticVsDynamic,
	title     = "Static Vs Dynamic websites – what’s the difference?",
	note       = {[online] Dostupné z: <\url{http://edinteractive.co.uk/static-vs-dynamic-websites-difference/}>}
}
@misc{mySqlBible,
	author    = {{SUEHRING, Steve}},
	title     = "MySQL Bible",
	note       = {(PDF) Wiley Publishing, Inc. Dostupné z: <\url{http://www.chettinadtech.ac.in/g_article/Textbook2\%20\%20MySQL\%20Bible.pdf}>}
}

@misc{agileDef,
	author    = {{WATERS, Kelly}},
	title     = "What Is Agile? (10 Key Principles of Agile)",
	note       = {[online] Dostupné z: <\url{http://www.allaboutagile.com/what-is-agile-10-key-principles/}>}
}

@misc{effectiveSoftwareTesting,
	author    = {{PERRY, William E}},
	title     = "Effective methods for software testing",
	note       = {New York: Wiley, c1995. ISBN 0471060976. 3 - 179}
}

@misc{systemNanotime,
	title     = "system\_nanotime",
	note       = {[online] Dostupné z: <\url{http://www.tutorialspoint.com/java/lang/system\_nanotime.htm}>}
}

@misc{networkSocket,
	title     = "network socket",
	note       = {[online] Dostupné z: <\url{http://whatis.techtarget.com/definition/sockets}>}
}

@misc{unitTest,
	author    = {{FOWLER, Martin}},
	title     = "UnitTest",
	note       = {[online] Dostupné z: <\url{http://martinfowler.com/bliki/UnitTest.html}>}
}
@misc{perfromanceTest,
	author    = {{MEIER, J. D}},
	title     = "Performance testing guidance for web applications: patterns \& practices",
	note       = {United States?: Microsoft, c2007. ISBN 0735625700.}
}

@misc{ssl3.0,
	author    = {{FREIER, et al}},
	title     = "The Secure Sockets Layer (SSL) Protocol Version 3.0",
	note       = {[online] Dostupné z: <\url{https://tools.ietf.org/html/rfc6101}>}
}
@misc{digitalSignature,
	author    = {{ROUSE, Margaret}},
	title     = "digital signature",
	note       = {[online] Dostupné z: <\url{http://searchsecurity.techtarget.com/definition/digital-signature}>}
}
@misc{cleanCode,
	author    = {{MARTIN, Rober C.}},
	title     = "Clean Code: A Handbook of Agile Software Craftsmanship",
	note       = {[PDF] Dostupné z: <\url{http://ptgmedia.pearsoncmg.com/images/9780132350884/samplepages/9780132350884.pdf}>}
}
@misc{privateKeyStorage,
	author    = {{SELTZER, Larry}},
	title     = "Securing Your Private Keys as Best Practice for Code Signing Certificates",
	note       = {[PDF] Dostupné z: <\url{https://www.thawte.com/code-signing/whitepaper/best-practices-for-code-signing-certificates.pdf}>}
}
@misc{mocking,	
	title     = "Unit Testing with Mock Objects",
	note       = {[PDF] Dostupné z: <\url{https://msdn.microsoft.com/en-us/library/ff650441.aspx}>}
}
@misc{sslOnline,
	author    = {{KANGAS, Erik}},
	title     = "SSL versus TLS – What’s the difference?",
	note       = {[online] Dostupné z: <\url{https://luxsci.com/blog/ssl-versus-tls-whats-the-difference.html}>}
}
@misc{runtime,	
	title     = "Class Runtime",
	note       = {[online] Dostupné z: <\url{https://docs.oracle.com/javase/7/docs/api/java/lang/Runtime.html}>}
}
@misc{mxBean,	
	title     = "Interface OperatingSystemMXBean",
	note       = {[online] Dostupné z: <\url{https://docs.oracle.com/javase/7/docs/api/java/lang/management/OperatingSystemMXBean.html}>}
}
@misc{refact,
	author    = {{FOWLER, Martin C}},
	title     = "Refactoring. Improving the Design of Existing Code",
	note       = {Addison-Wesley. ISBN 0-201-48567-2.}
}







